@online{thucydides_home,
 title = {Thucydides Home Page},
 hyphenation = {english},
 url = {http://www.thucydides.info/},
}

@online{junit_home,
 title = {JUnit Home Page},
 hyphenation = {english},
 url = {http://junit.org/}
}

@online{kent_beck,
 title = {Kent Beck Wiki Page},
 hyphenation = {english},
 url = {http://en.wikipedia.org/wiki/Kent_Beck}
}

@online{qa_bicycle,
 title = {Подключение Allure},
 hyphenation = {russian},
 url = {http://qa-bicycle.blogspot.ru/2014/05/allure.html}
}

@online{hello_allure,
 title = {Привет, Allure},
 hyphenation = {russian},
 url = {http://artkoshelev.github.io/posts/hello-allure/}
}

@online{step_by_step,
 title = {Шаг за шагом, Allure},
 hyphenation = {russian},
 url = {http://artkoshelev.github.io/posts/step-by-step/}
}

@online{testing_enviroment,
 title = {Тестовая Среда, доклад про Allure},
 hyphenation = {russian},
 url = {http://tech.yandex.ru/events/meetings/testing-environment/talks/1462/}
}

@online{pycon_russia,
 title = {PyCon Russia, доклад про Allure},
 hyphenation = {russian},
 url = {http://pycon.ru/2014/program/content/python_pytest/}
}

@online{selconf,
 title = {SeleniumCamp, доклад про Allure},
 hyphenation = {russian},
 url = {http://seleniumcamp.com/program/#allure}
}

@book{xunit_test_patterns,
 author = {Gerard Meszaros},
 publisher = {Addison-Wesley},
 title = {xUnit Test Patterns: Refactoring Test Code},
 ISBN = {978-0131495050},
 year = {2007},
 pages = {833},
 language = {english}
}

@book{maven_guide,
 affiliation = {Sonatype_Company},
 publisher = {O'Reilly Media},
 title = {Maven: The Definitive Guide},
 ISBN = {978-0596517335},
 year = {2008},
 language = {english},
 pages = {470}
}

@book{aspectj_cookbook,
 author = {Russ Miles},
 publisher = {O'Reilly Media},
 title = {AspectJ Cookbook},
 ISBN = {978-0596006549},
 year = {2004},
 pages = {360},
 language = {english}
}

@book{tdd_book,
 author = {Kent Beck},
 publisher = {Addison-Wesley Professional},
 title = {Test Driven Development: By Example},
 ISBN = {978-0321146533},
 year = {2002},
 pages = {240},
 language = {english}
}

@online{jbehave_home,
 title = {JBehave Home Page},
 hyphenation = {english},
 url = {http://jbehave.org/}
}

@online{surefire_home,
 title = {Maven Surefire Report Plugin},
 hyphenation = {english},
 url = {http://maven.apache.org/surefire/maven-surefire-report-plugin/}
}

@online{john_smart_home,
 title = {John's biography},
 hyphenation = {english},
 url = {http://www.wakaleo.com/about-us/about-wakaleo-consulting}
}

@online{thucydides_docs,
 title = {Thucydides Documentation Page},
 hyphenation = {english},
 url = {http://www.thucydides.info/docs/thucydides.pdf}
}

@online{allure_home,
 title = {Allure Home Page},
 hyphenation = {english},
 url = {https://github.com/allure-framework/allure-core}
}

@online{freemarker_home,
 title = {Freemarker Home Page},
 hyphenation = {english},
 url = {http://freemarker.org/}
}

@online{cglib_home,
 title = {Cglib Home Page},
 hyphenation = {english},
 url = {https://github.com/cglib/cglib}
}

@online{ow2_asm_home,
 title = {OW2 ASM Home Page},
 hyphenation = {english},
 url = {http://asm.ow2.org/}
}

@online{maven_home,
 title = {Maven Home Page},
 hyphenation = {english},
 url = {http://maven.apache.org/}
}

@online{pytest_home,
 title = {PyTest Home Page},
 hyphenation = {english},
 url = {http://pytest.org/latest/}
}

@online{angularjs_home,
 title = {AngularJS Home Page},
 hyphenation = {english},
 url = {https://angularjs.org/}
}

@online{spa,
 title = {Single Page Application Wiki},
 hyphenation = {english},
 url = {http://en.wikipedia.org/wiki/Single-page_application}
}
